@book{acateco,
  title = {Acateco de La Frontera Sur},
  author = {Zavala Maldonado, Roberto},
  year = {1992},
  series = {Archivo de Lenguas Ind{\'i}genas de {{M{\'e}xico}}},
  edition = {1. ed},
  number = {17},
  publisher = {{Colegio de M{\'e}xico, Centro de Estudios Ling{\"u}{\'i}sticos y literarios}},
  address = {{M{\'e}xico, D.F}},
  collaborator = {{Centro de Estudios Ling{\"u}{\'i}sticos y Literarios}},
  isbn = {978-968-12-0569-0},
  langid = {english},
  file = {C:\Users\jesus\Zotero\storage\W8GBKIKJ\Acateco de la frontera sur.pdf}
}

@phdthesis{aguaruna,
  title = {A Grammar of Aguaruna},
  author = {Overall, Simon E},
  year = {2007},
  langid = {english},
  school = {La Trobe University},
  file = {C:\Users\jesus\Zotero\storage\6YG84V6J\Overall - 2007 - A grammar of aguaruna.pdf}
}

@book{berghall2015grammar,
  title = {A Grammar of Mauwake},
  author = {Bergh{\"a}ll, Liisa},
  year = {2015},
  publisher = {{Language Science Press}}
}

@book{broadwell2006choctaw,
  title = {A Choctaw Reference Grammar},
  author = {Broadwell, George Aaron},
  year = {2006},
  publisher = {{U of Nebraska Press}}
}

@phdthesis{chatino,
  title = {Grammatical Sketch of Zacatepec Chatino},
  author = {Villard, St{\'e}phanie},
  year = {2008},
  school = {The University of Texas},
  file = {C:\Users\jesus\Zotero\storage\VHI6GYC3\Villard - 2008 - Grammatical sketch of zacatepec chatino.pdf}
}

@phdthesis{chichimeco,
  title = {Morfolog{\'i}a Verbal de Persona y N{\'u}mero En Chichimeco Jonaz},
  author = {Liz{\'a}rraga Navarro, Glenda Zo{\'e}},
  year = {2018},
  school = {El Colegio de M{\'e}xico},
  file = {C:\Users\jesus\Zotero\storage\GBSZP9ZH\Lizárraga y Glenda - 2018 - Morfología verbal de persona y número en chichimec.pdf}
}

@book{chinanteco,
  title = {Lealao Chinantec Syntax},
  author = {Rupp, James E},
  year = {1989},
  series = {Studies in {{Chinantec Languages}} 2},
  publisher = {{Instituto Ling{\"u}{\'i}stico de Verano y The University of Texas}},
  langid = {english},
  file = {C:\Users\jesus\Zotero\storage\5CBBYGUQ\Rupp - 1989 - Lealao chinantec syntax.pdf}
}

@book{ChontalOaxaca,
  title = {Chontal de San Pedro Huamelula, Sierra Baja de Oaxaca},
  author = {O'Connor, Loretta},
  year = {2014},
  publisher = {{El Colegio de M{\'e}xico, Centro de Estudios Ling{\"u}{\'i}sticos y Literarios}},
  file = {C:\Users\jesus\Zotero\storage\5IS97GGM\O'Connor - 2014 - Chontal de san pedro huamelula, sierra baja de oax.pdf}
}

@phdthesis{ChontalTabasco,
  title = {Descripci{\'o}n Del Orden B{\'a}sico de Palabras En {{Yokot}}'an ({{Chontal}} de  {{Tabasco}}) Del Poblado de {{Topotzingo}}, {{Nacajuca}}, {{Tabasco}}},
  author = {Delgado Galv{\'a}n, Amanda Alejandra.},
  year = {2004},
  school = {Escuela Nacional de Antropolog{\'i}a e Historia},
  file = {C:\Users\jesus\Zotero\storage\P8VZDBZR\Delgado Galván - 2004 - Descripción del orden básico de palabras en Yokot'.pdf}
}

@book{coupe2007grammar,
  title = {A Grammar of Mongsen Ao},
  author = {Coupe, Alexander Robertson},
  year = {2007},
  publisher = {{Mouton de Gruyter}}
}

@book{curnow1998grammar,
  title = {A Grammar of {{Awa Pit}} ({{Cuaiquer}}): {{An}} Indigenous Language of South-Western {{Colombia}}},
  author = {Curnow, Timothy Jowan},
  year = {1998},
  publisher = {{The Australian National University (Australia)}}
}

@book{davies2010grammar,
  title = {A Grammar of Madurese},
  author = {Davies, William D},
  year = {2010},
  publisher = {{De Gruyter Mouton}}
}

@phdthesis{de2004grammar,
  title = {A Grammar of Saban{\^e}: A Nambikwaran Language},
  author = {{de Antunes Araujo}, Gabriel},
  year = {2004},
  school = {LOT Utrecht}
}

@book{dohler2018grammar,
  title = {A Grammar of Komnzo},
  author = {D{\"o}hler, Christian},
  year = {2018},
  volume = {22},
  publisher = {{Language Science Press}}
}

@book{epps2008grammar,
  title = {A Grammar of Hup},
  author = {Epps, Patience},
  year = {2008},
  publisher = {{Mouton de Gruyter}}
}

@book{everett2002wari,
  title = {Wari},
  author = {Everett, Daniel L and Kern, Barbara},
  year = {2002},
  publisher = {{Routledge}}
}

@book{fernandez2014gramatica,
  title = {Gram{\'a}tica de Referencia de Pima Bajo},
  author = {Fernandez, Zarina Estrada},
  year = {2014}
}

@book{friesen2017grammar,
  title = {A Grammar of Moloko},
  author = {Friesen, Dianne},
  year = {2017},
  publisher = {{Language Science Press}}
}

@book{fwe,
  title = {A Grammar of Fwe},
  author = {Gunnink, Hilde},
  year = {2022},
  publisher = {{Language Science Press}},
  file = {C:\Users\jesus\Zotero\storage\4BLCXTSY\Gunnink - 2022 - A grammar of fwe.pdf}
}

@phdthesis{gonzales2019gramatica,
  title = {Una Gram{\'a}tica de La Lengua Namtrik de {{Totor{\'o}}}: Lengua Barbacoa Hablada En Los {{Andes}} Colombianos},
  author = {Gonzales Casta{\~n}o, Geny},
  year = {2019},
  school = {Lyon}
}

@book{gordon1986maricopa,
  title = {Maricopa Morphology and Syntax},
  author = {Gordon, Lynn},
  year = {1986},
  volume = {108},
  publisher = {{Univ of California Press}}
}

@book{grimm2021grammar,
  title = {A Grammar of Gyeli (Volume 2)},
  author = {Grimm, Nadine},
  year = {2021},
  publisher = {{Language Science Press}}
}

@book{guillaume2008grammar,
  title = {A Grammar of Cavine{\~n}a},
  author = {Guillaume, Antoine},
  year = {2008},
  publisher = {{Mouton de Gruyter}}
}

@book{heath2008grammar,
  title = {A Grammar of Jamsay},
  author = {Heath, Jeffrey},
  year = {2008},
  publisher = {{Mouton de Gruyter}}
}

@phdthesis{Huave,
  title = {Sintaxis y Sem{\'a}ntica de La Frase Nominal En Huave de {{San Mateo}} Del {{Mar}}, {{Oaxaca}}.},
  author = {Castro, Samuel Herrera},
  year = {2016},
  school = {El Colegio de M{\'e}xico},
  file = {C:\Users\jesus\Zotero\storage\43YX79B8\Castro - 2016 - Sintaxis y semántica de la frase nominal en huave .pdf}
}

@phdthesis{Huichol,
  title = {Clause Types and Transitivity in Wix{\'a}rika (Huichol): {{A}} Uto-Aztecan Language},
  author = {Ramos Bierge, Stefanie},
  year = {2017},
  school = {Tesis de doctorado). Colorado: University of Colorado at Boulder},
  file = {C:\Users\jesus\Zotero\storage\376D55TI\Ramos Bierge - 2017 - Clause types and transitivity in wixárika (huichol.pdf}
}

@book{jacques2021grammar,
  title = {A Grammar of Japhug},
  author = {Jacques, Guillaume},
  year = {2021},
  publisher = {{Language Science Press}}
}

@book{jany2009chimariko,
  title = {Chimariko Grammar: {{Areal}} and Typological Perspective},
  author = {Jany, Carmen},
  year = {2009},
  volume = {142},
  publisher = {{Univ of California Press}}
}

@book{kluge2017grammar,
  title = {A Grammar of Papuan Malay},
  author = {Kluge, Angela},
  year = {2017},
  publisher = {{Language Science Press}}
}

@book{lacandon,
  title = {Gram{\'a}tica Del Lacand{\'o}n},
  author = {Bruce, Roberto D},
  year = {1968},
  publisher = {{Instituto Nacional de Antropolog{\'i}a e Historia}},
  file = {C:\Users\jesus\Zotero\storage\QPH78NSX\Bruce - 2021 - Gramática del lacandón.pdf}
}

@book{lichtenberk2008grammar,
  title = {A Grammar of Toqabaqita},
  author = {Lichtenberk, Frantisek},
  year = {2008},
  publisher = {{De Gruyter Mouton}}
}

@book{liljegren2016grammar,
  title = {A Grammar of Palula},
  author = {Liljegren, Henrik},
  year = {2016},
  publisher = {{Language Science Press}}
}

@phdthesis{mixe,
  title = {A Reference Grammar of Ayutla Mixe},
  author = {{Romero-Mendez}, Rodrigo},
  year = {2009},
  langid = {english},
  school = {State University of New York at Buffalo},
  file = {C:\Users\jesus\Zotero\storage\HY4FMTYT\Romero-Mendez - 2009 - A reference grammar of ayutla mixe.pdf}
}

@book{Mixteco,
  title = {Gram{\'a}tica Popular Del Mixteco Del Municipio de Tezoatl{\'a}n, San Andr{\'e}s Yutat{\'i}o, Oaxaca},
  author = {{de Ferguson Williams}, Judith},
  year = {2006},
  publisher = {{Inst. Ling{\"u}{\'i}stico de Verano}},
  file = {C:\Users\jesus\Zotero\storage\6YBYQKM6\de Ferguson Williams - 2006 - Gramática popular del mixteco del municipio de tez.pdf}
}

@article{murillo2010oracion,
  title = {La Oraci{\'o}n Simple Ng{\"a}b{\'e}re},
  author = {Murillo Miranda, Jos{\'e} Manuel},
  year = {2010},
  journal = {Forma y funci{\'o}n},
  volume = {23},
  number = {1},
  pages = {39--69},
  publisher = {{Biblioteca Central, Universidad Nacional de Colombia.}}
}

@phdthesis{o2018grammatical,
  title = {A Grammatical Description of {{Kams{\'a}}}, a Language Isolate of {{Colombia}}},
  author = {O'Brien, Colleen Alena},
  year = {2018},
  school = {University of Hawai'i at Manoa}
}

@article{Oluteco,
  title = {Entre Consejos, Diablos y Vendedores de Caca, Rasgos Gramaticales Del Oluteco En Tres de Sus Cuentos},
  author = {Zavala, Roberto},
  year = {2001},
  journal = {Tlalocan. Revista de Fuentes para el Conocimiento de las Culturas Ind{\'i}genas de M{\'e}xico},
  volume = {13},
  pages = {335--414},
  file = {C:\Users\jesus\Zotero\storage\F6AATXVV\Zavala - 2001 - Entre consejos, diablos y vendedores de caca, rasg.pdf}
}

@book{Otomi,
  title = {Gram{\'a}tica y Textos Del H{\~n}{\"o}{\~n}h{\"o}: Otom{\'i} de San Ildefonso Tultepec, Quer{\'e}taro},
  author = {Palancar, Enrique L},
  year = {2009},
  volume = {1},
  publisher = {{Universidad Aut{\'o}noma de Quer{\'e}taro}},
  file = {C:\Users\jesus\Zotero\storage\VFRNB2W3\Palancar - 2009 - Gramática y textos del hñöñhö otomí de san ildefo.pdf}
}

@phdthesis{pena2015grammar,
  title = {A Grammar of Wampis},
  author = {Pe{\~n}a, Jaime Germ{\'a}n},
  year = {2015},
  school = {University of Oregon}
}

@phdthesis{Popoluca,
  title = {A Grammar of Sierra Popoluca ({{Soteapanec}}, a {{Mixe-Zoquean Language}})},
  author = {Boudreault, Lynda},
  year = {2009},
  langid = {english},
  school = {The University of Texas},
  file = {C:\Users\jesus\Zotero\storage\HVQRX55N\Boudreault - 2018 - A grammar of sierra popoluca.pdf}
}

@article{quesadadiego,
  title = {Diego. 2017},
  author = {Quesada, J},
  journal = {Gram{\'a}tica de la lengua gar{\'i}funa}
}

@phdthesis{Seri,
  title = {The Structure of Seri},
  author = {Marlett, Stephen Alan},
  year = {1981},
  school = {University of California, San Diego},
  file = {C:\Users\jesus\Zotero\storage\S73WEC6R\Marlett - 1981 - The structure of seri.pdf}
}

@book{shimelman2017grammar,
  title = {A Grammar of Yauyos Quechua},
  author = {Shimelman, Aviva},
  year = {2017},
  publisher = {{Language Science Press}}
}

@book{smeets2008grammar,
  title = {A Grammar of Mapuche},
  author = {Smeets, Ineke},
  year = {2008},
  volume = {41},
  publisher = {{Walter de Gruyter}}
}

@book{tarahumara,
  title = {A Grammar of Choguita Rar{\'a}muri: {{In}} Collaboration with Luz Elena Le{\'o}n Ram{\'i}rez, Sebasti{\'a}n Fuentes Holgu{\'i}n, Bertha Fuentes Loya and Other Choguita Rar{\'a}muri Language Experts},
  author = {Caballero, Gabriela},
  year = {2022},
  publisher = {{Language Science Press}},
  file = {C:\Users\jesus\Zotero\storage\LYZFI5U9\Caballero - 2022 - A grammar of choguita rarámuri In collaboration w.pdf}
}

@phdthesis{Tepehua,
  title = {A Descriptive Grammar of Huehuetla Tepehua},
  author = {Kung, Susan Smythe},
  year = {2007},
  langid = {english},
  school = {The University of Texas at Austin},
  file = {C:\Users\jesus\Zotero\storage\WG7P3HNY\Kung - 2007 - A descriptive grammar of huehuetla tepehua.pdf}
}

@phdthesis{Tepehuano,
  title = {Clause Linkage in Southeastern Tepehuan: {{A}} Uto-Aztecan Language of Northern Mexico},
  author = {Garc{\'i}a Salido, Gabriela},
  year = {2014},
  file = {C:\Users\jesus\Zotero\storage\L6JQXTYE\García Salido - 2014 - Clause linkage in southeastern tepehuan A uto-azt.pdf}
}

@book{thompson2006reference,
  title = {A Reference Grammar of {{Wappo}}},
  author = {Thompson, Sandra A and Park, Joseph Sung-Yul and Li, Charles N},
  year = {2006},
  volume = {138},
  publisher = {{Univ of California Press}}
}

@book{Tlahuica,
  title = {Clases Verbales, Transitividad y Valencia Verbal En El Pjyɇkakj{\'o}, Tlahuica de {{San Juan Atzingo}}},
  author = {Ortega, Aileen Patricia Mart{\'i}nez},
  year = {2012},
  publisher = {{El Colegio de M{\'e}xico}},
  file = {C:\Users\jesus\Zotero\storage\JJDPVIVM\Ortega - 2012 - Clases verbales, transitividad y valencia verbal e.pdf}
}

@phdthesis{Tlapaneco,
  type = {Maestr{\'i}a},
  title = {La Flexi{\'o}n Verbal Del Me'phaa de Zilacayotitl{\'a}n},
  author = {CANO, GREGORIO TIBURCIO},
  year = {2017},
  school = {Centro de Investigaciones y Estudios Superiores en Antropolog{\'i}a Social},
  file = {C:\Users\jesus\Zotero\storage\E7NMESES\CANO - 2017 - La flexión verbal del me'phaa de zilacayotitlán.pdf}
}

@phdthesis{Totonaco,
  title = {Los Predicados Complejos En El Totonaco de {{Tuxtla}}, {{Puebla}}},
  author = {Ju{\'a}rez Esteban, Adela},
  year = {2016},
  school = {Tesis de maestr{\'i}a en Ling{\"u}{\'i}stica Indoamericana. CIESAS, M{\'e}xico},
  file = {C:\Users\jesus\Zotero\storage\9YNABANA\Juárez Esteban - 2016 - Los predicados complejos en el totonaco de Tuxtla,.pdf}
}

@book{Triqui,
  title = {Gram{\'a}tica Popular Del Triqui de {{Copala}}},
  author = {de Hollenbach, Elena Erickson},
  year = {2005},
  publisher = {{Inst. Ling{\"u}{\'i}stico de Verano}},
  file = {C:\Users\jesus\Zotero\storage\EXCPBY5K\Hollenbach - 2005 - Gramática popular del triqui de Copala.pdf}
}

@book{Tzotzil,
  title = {Tzotzil Clause Structure},
  author = {Aissen, Judith},
  year = {1987},
  volume = {7},
  publisher = {{Springer Science \& Business Media}},
  file = {C:\Users\jesus\Zotero\storage\2VBW6LJT\Aissen - 1987 - Tzotzil clause structure.pdf}
}

@book{visser2022grammar,
  title = {A Grammar of Kalamang},
  author = {Visser, Eline},
  year = {2022},
  publisher = {{Language Science Press}}
}

@book{yakpo2019grammar,
  title = {A Grammar of Pichi},
  author = {Yakpo, Kofi},
  year = {2019},
  publisher = {{Language Science Press}}
}

@article{zapoteco,
  title = {Estudios de La Fonolog{\'i}a y Gram{\'a}tica Del Zapoteco de {{Zoochina}}},
  author = {Nicol{\'a}s, Oscar L},
  year = {2016},
  journal = {Recurso impreso, recurso electr{\'o}nico},
  file = {C:\Users\jesus\Zotero\storage\VEGFDD59\Nicolás - 2016 - Estudios de la fonología y gramática del zapoteco .pdf}
}

@phdthesis{zariquiey2011grammar,
  title = {A Grammar of Kashibo-Kakataibo},
  author = {Zariquiey Biondi, Roberto},
  year = {2011},
  school = {La Trobe}
}

@phdthesis{zoque,
  title = {Esbozo Gramatical y Oraciones de Relativo En El Zoque de {{San Miguel Chimalapa}}.},
  author = {Jim{\'e}nez, Silvano},
  year = {2014},
  school = {Centro de Investigaciones y Estudios Superiores en Antropolog{\'i}a Social},
  file = {C:\Users\jesus\Zotero\storage\DGMR4VJU\Jiménez - 2014 - Esbozo gramatical y oraciones de relativo en el zo.pdf}
}
