@book{acateco,
  title = {Acateco de La Frontera Sur},
  author = {Zavala Maldonado, Roberto},
  year = {1992},
  series = {Archivo de Lenguas Ind{\'i}genas de {{M{\'e}xico}}},
  edition = {1. ed},
  number = {17},
  publisher = {{Colegio de M{\'e}xico, Centro de Estudios Ling{\"u}{\'i}sticos y literarios}},
  address = {{M{\'e}xico, D.F}},
  collaborator = {{Centro de Estudios Ling{\"u}{\'i}sticos y Literarios}},
  isbn = {978-968-12-0569-0},
  langid = {english},
  file = {C:\Users\jesus\Zotero\storage\W8GBKIKJ\Acateco de la frontera sur.pdf}
}

@phdthesis{aguaruna,
  title = {A Grammar of Aguaruna},
  author = {Overall, Simon E},
  year = {2007},
  langid = {english},
  school = {La Trobe University},
  file = {C:\Users\jesus\Zotero\storage\6YG84V6J\Overall - 2007 - A grammar of aguaruna.pdf}
}

@article{Auwera2020,
  title = {The Typology of Negation},
  author = {{Van der Auwera}, Johan and Krasnoukhova, Olga},
  year = {2020}
}

@book{awa,
  title = {A Grammar of {{Awa Pit}} ({{Cuaiquer}}): {{An}} Indigenous Language of South-Western {{Colombia}}},
  author = {Curnow, Timothy Jowan},
  year = {1998},
  publisher = {{The Australian National University (Australia)}},
  file = {C:\Users\jesus\Zotero\storage\ICXT4SZL\Curnow - 1998 - A grammar of Awa Pit (Cuaiquer) An indigenous lan.pdf}
}

@article{CasasNavarro2005,
  title = {La {{Doble}} Negaci{\'o}n En Castellano: Aspectos Sint{\'a}cticos},
  author = {Casas Navarro, Justo Raymundo},
  year = {2005},
  publisher = {{Universidad Nacional Mayor de San Marcos}}
}

@book{cavin,
  title = {A Grammar of Cavine{\~n}a},
  author = {Guillaume, Antoine},
  year = {2008},
  publisher = {{Mouton de Gruyter}},
  file = {C:\Users\jesus\Zotero\storage\REJGKLEU\Guillaume - 2008 - A grammar of cavineña.pdf}
}

@phdthesis{chatino,
  title = {Grammatical Sketch of Zacatepec Chatino},
  author = {Villard, St{\'e}phanie},
  year = {2009},
  school = {The University of Texas},
  file = {C:\Users\jesus\Zotero\storage\VHI6GYC3\Villard - 2008 - Grammatical sketch of zacatepec chatino.pdf}
}

@phdthesis{chichimeco,
  title = {Morfolog{\'i}a Verbal de Persona y N{\'u}mero En Chichimeco Jonaz},
  author = {Liz{\'a}rraga Navarro, Glenda Zo{\'e}},
  year = {2018},
  school = {El Colegio de M{\'e}xico},
  file = {C:\Users\jesus\Zotero\storage\GBSZP9ZH\Lizárraga y Glenda - 2018 - Morfología verbal de persona y número en chichimec.pdf}
}

@book{chimariko,
  title = {Chimariko Grammar: {{Areal}} and Typological Perspective},
  author = {Jany, Carmen},
  year = {2009},
  volume = {142},
  publisher = {{Univ of California Press}},
  file = {C:\Users\jesus\Zotero\storage\FH9BY6XG\Jany - 2009 - Chimariko grammar Areal and typological perspecti.pdf}
}

@book{chinanteco,
  title = {Lealao Chinantec Syntax},
  author = {Rupp, James E},
  year = {1989},
  series = {Studies in {{Chinantec Languages}} 2},
  publisher = {{Instituto Ling{\"u}{\'i}stico de Verano y The University of Texas}},
  langid = {english},
  file = {C:\Users\jesus\Zotero\storage\5CBBYGUQ\Rupp - 1989 - Lealao chinantec syntax.pdf}
}

@book{choctaw,
  title = {A Choctaw Reference Grammar},
  author = {Broadwell, George Aaron},
  year = {2006},
  publisher = {{U of Nebraska Press}},
  file = {C:\Users\jesus\Zotero\storage\9QUUWYR6\Broadwell - 2006 - A choctaw reference grammar.pdf}
}

@book{ChontalOaxaca,
  title = {Chontal de San Pedro Huamelula, Sierra Baja de Oaxaca},
  author = {O'Connor, Loretta},
  year = {2014},
  publisher = {{El Colegio de M{\'e}xico, Centro de Estudios Ling{\"u}{\'i}sticos y Literarios}},
  file = {C:\Users\jesus\Zotero\storage\5IS97GGM\O'Connor - 2014 - Chontal de san pedro huamelula, sierra baja de oax.pdf}
}

@phdthesis{ChontalTabasco,
  title = {Descripci{\'o}n Del Orden B{\'a}sico de Palabras En {{Yokot}}'an ({{Chontal}} de  {{Tabasco}}) Del Poblado de {{Topotzingo}}, {{Nacajuca}}, {{Tabasco}}},
  author = {Delgado Galv{\'a}n, Amanda Alejandra.},
  year = {2004},
  school = {Escuela Nacional de Antropolog{\'i}a e Historia},
  file = {C:\Users\jesus\Zotero\storage\P8VZDBZR\Delgado Galván - 2004 - Descripción del orden básico de palabras en Yokot'.pdf}
}

@book{Coupe,
  title = {A Grammar of Mongsen Ao},
  author = {Coupe, Alexander Robertson},
  year = {2007},
  publisher = {{Mouton de Gruyter}},
  file = {C:\Users\jesus\Zotero\storage\3BJ7TCKM\Coupe - 2007 - A grammar of mongsen ao.pdf}
}

@article{Dahl1979,
  title = {Typology of Sentence Negation},
  author = {Dahl, {\"O}sten},
  year = {1979},
  publisher = {{Walter de Gruyter, Berlin/New York Berlin, New York}},
  issn = {0024-3949}
}

@book{fwe,
  title = {A Grammar of Fwe},
  author = {Gunnink, Hilde},
  year = {2022},
  publisher = {{Language Science Press}},
  file = {C:\Users\jesus\Zotero\storage\4BLCXTSY\Gunnink - 2022 - A grammar of fwe.pdf}
}

@book{garifuna,
  title = {Gram{\'a}tica de La Lengua Gar{\'i}funa},
  author = {Quesada, J. Diego},
  year = {2017},
  series = {Gram{\'a}ticas},
  number = {9},
  publisher = {{Universidad de Sonora}},
  file = {C:\Users\jesus\Zotero\storage\5D2WC4L2\Quesada - Diego. 2017.pdf}
}

@book{gyeli,
  title = {A Grammar of Gyeli (Volume 2)},
  author = {Grimm, Nadine},
  year = {2021},
  publisher = {{Language Science Press}},
  file = {C:\Users\jesus\Zotero\storage\KAHBZGRQ\Grimm - 2021 - A grammar of gyeli (volume 2).pdf}
}

@book{horn,
  title = {The Expression of Negation},
  author = {Klein, Wolfgang and Levinson, Stephen and Horn, Laurence R},
  year = {2010},
  publisher = {{De Gruyter Mouton}},
  isbn = {3-11-021929-8}
}

@article{hornKato,
  title = {Introduction: Negation and Polarity at the Millennium},
  author = {Horn, Laurence R and Kato, Yasuhiko},
  year = {2000},
  journal = {Studies in negation and polarity},
  pages = {1--19},
  publisher = {{Oxford University Press Oxford}}
}

@phdthesis{Huave,
  title = {Sintaxis y Sem{\'a}ntica de La Frase Nominal En Huave de {{San Mateo}} Del {{Mar}}, {{Oaxaca}}.},
  author = {Castro, Samuel Herrera},
  year = {2016},
  school = {El Colegio de M{\'e}xico},
  file = {C:\Users\jesus\Zotero\storage\43YX79B8\Castro - 2016 - Sintaxis y semántica de la frase nominal en huave .pdf}
}

@phdthesis{Huichol,
  title = {Clause Types and Transitivity in Wix{\'a}rika (Huichol): {{A}} Uto-Aztecan Language},
  author = {Ramos Bierge, Stefanie},
  year = {2017},
  school = {Tesis de doctorado). Colorado: University of Colorado at Boulder},
  file = {C:\Users\jesus\Zotero\storage\376D55TI\Ramos Bierge - 2017 - Clause types and transitivity in wixárika (huichol.pdf}
}

@book{hup,
  title = {A Grammar of Hup},
  author = {Epps, Patience},
  year = {2008},
  publisher = {{Mouton de Gruyter}},
  address = {{Berl{\'i}n / New York}},
  file = {C:\Users\jesus\Zotero\storage\IAPQX569\Epps - 2008 - A grammar of hup.pdf}
}

@book{jamsay,
  title = {A Grammar of Jamsay},
  author = {Heath, Jeffrey},
  year = {2008},
  publisher = {{Mouton de Gruyter}},
  file = {C:\Users\jesus\Zotero\storage\QL6ABMCF\Heath - 2008 - A grammar of jamsay.pdf}
}

@book{japhug,
  title = {A Grammar of Japhug},
  author = {Jacques, Guillaume},
  year = {2021},
  publisher = {{Language Science Press}},
  file = {C:\Users\jesus\Zotero\storage\7M2UKVA9\Jacques - 2021 - A grammar of japhug.pdf}
}

@book{Jespersen1917,
  title = {Negation in {{English}} and Other Languages},
  author = {Jespersen, Otto},
  year = {1917},
  volume = {1},
  publisher = {{H{\o}st}}
}

@phdthesis{kakataibo,
  title = {A Grammar of Kashibo-Kakataibo},
  author = {Zariquiey Biondi, Roberto},
  year = {2011},
  address = {{Australia}},
  langid = {english},
  school = {La Trobe},
  file = {C:\Users\jesus\Zotero\storage\4RX6L2DN\Zariquiey Biondi - 2011 - A grammar of kashibo-kakataibo.pdf}
}

@phdthesis{kamsa,
  title = {A Grammatical Description of {{Kams{\'a}}}, a Language Isolate of {{Colombia}}},
  author = {O'Brien, Colleen Alena},
  year = {2018},
  school = {University of Hawai'i at Manoa},
  file = {C:\Users\jesus\Zotero\storage\57AHXZVU\O'Brien - 2018 - A grammatical description of Kamsá, a language iso.pdf}
}

@book{komzo,
  title = {A Grammar of Komnzo},
  author = {D{\"o}hler, Christian},
  year = {2018},
  volume = {22},
  publisher = {{Language Science Press}},
  file = {C:\Users\jesus\Zotero\storage\P4D6887Z\Döhler - 2018 - A grammar of komnzo.pdf}
}

@book{lacandon,
  title = {Gram{\'a}tica Del Lacand{\'o}n},
  author = {Bruce, Roberto D},
  year = {1968},
  publisher = {{Instituto Nacional de Antropolog{\'i}a e Historia}},
  file = {C:\Users\jesus\Zotero\storage\QPH78NSX\Bruce - 2021 - Gramática del lacandón.pdf}
}

@incollection{lawler,
  title = {Negation and {{Negative Polarity}}},
  booktitle = {The {{Cambridge Encyclopedia}} of the {{Language Sciences}}},
  author = {Lawler, John M.},
  editor = {Den Dikken, Marcel},
  year = {2007},
  edition = {1},
  publisher = {{Cambridge University Press}},
  doi = {10.1017/CBO9780511804571.027},
  urldate = {2024-02-10},
  isbn = {978-0-511-80457-1 978-0-521-76986-0},
  langid = {english},
  file = {C:\Users\jesus\Zotero\storage\E8733TA9\Zeijlstra - 2013 - Negationand negativepolarity.pdf}
}

@book{madu,
  title = {A Grammar of Madurese},
  author = {Davies, William D},
  year = {2010},
  publisher = {{De Gruyter Mouton}},
  file = {C:\Users\jesus\Zotero\storage\386CK7IX\Davies - 2010 - A grammar of madurese.pdf}
}

@book{mapuche,
  title = {A Grammar of Mapuche},
  author = {Smeets, Ineke},
  year = {2008},
  volume = {41},
  publisher = {{Walter de Gruyter}},
  address = {{Berl{\'i}n / New York}},
  langid = {english},
  file = {C:\Users\jesus\Zotero\storage\6KZW4363\Smeets - 2008 - A grammar of mapuche.pdf}
}

@book{maricopa,
  title = {Maricopa Morphology and Syntax},
  author = {Gordon, Lynn},
  year = {1986},
  volume = {108},
  publisher = {{Univ of California Press}},
  file = {C:\Users\jesus\Zotero\storage\7PHRRQUB\Gordon - 1986 - Maricopa morphology and syntax.pdf}
}

@book{mauwake,
  title = {A Grammar of Mauwake},
  author = {Bergh{\"a}ll, Liisa},
  year = {2015},
  publisher = {{Language Science Press}},
  file = {C:\Users\jesus\Zotero\storage\JYSAUYFW\Berghäll - 2015 - A grammar of mauwake.pdf}
}

@book{Miestamo2005,
  title = {Standard Negation: {{The}} Negation of Declarative Verbal Main Clauses in a Typological Perspective},
  author = {Miestamo, Matti},
  year = {2005},
  publisher = {{Mouton de Gruyter}},
  isbn = {3-11-018579-2}
}

@phdthesis{mixe,
  title = {A Reference Grammar of Ayutla Mixe},
  author = {{Romero-Mendez}, Rodrigo},
  year = {2009},
  langid = {english},
  school = {State University of New York at Buffalo},
  file = {C:\Users\jesus\Zotero\storage\HY4FMTYT\Romero-Mendez - 2009 - A reference grammar of ayutla mixe.pdf}
}

@book{Mixteco,
  title = {Gram{\'a}tica Popular Del Mixteco Del Municipio de Tezoatl{\'a}n, San Andr{\'e}s Yutat{\'i}o, Oaxaca},
  author = {{de Ferguson Williams}, Judith},
  year = {2006},
  publisher = {{Inst. Ling{\"u}{\'i}stico de Verano}},
  file = {C:\Users\jesus\Zotero\storage\6YBYQKM6\de Ferguson Williams - 2006 - Gramática popular del mixteco del municipio de tez.pdf}
}

@book{moloko,
  title = {A Grammar of Moloko},
  author = {Friesen, Dianne},
  year = {2017},
  publisher = {{Language Science Press}},
  file = {C:\Users\jesus\Zotero\storage\C32ZAA3C\Friesen - 2017 - A grammar of moloko.pdf}
}

@incollection{morfemas,
  type = {Data Set},
  title = {Negative {{Morphemes}} (V2020.3)},
  booktitle = {The {{World Atlas}} of {{Language Structures Online}}},
  author = {Dryer, Matthew S.},
  editor = {Dryer, Matthew S. and Haspelmath, Martin},
  year = {2013},
  publisher = {{Zenodo}},
  doi = {10.5281/zenodo.7385533},
  urldate = {2024-02-12}
}

@phdthesis{namtrik,
  title = {Una Gram{\'a}tica de La Lengua Namtrik de {{Totor{\'o}}}: Lengua Barbacoa Hablada En Los {{Andes}} Colombianos},
  author = {Gonzales Casta{\~n}o, Geny},
  year = {2019},
  school = {Lyon},
  file = {C:\Users\jesus\Zotero\storage\TUK4TK77\Gonzales Castaño - 2019 - Una gramática de la lengua namtrik de Totoró leng.pdf}
}

@incollection{negStandar,
  type = {Data Set},
  title = {Symmetric and {{Asymmetric Standard Negation}} (V2020.3)},
  booktitle = {The {{World Atlas}} of {{Language Structures Online}}},
  author = {Miestamo, Matti},
  editor = {Dryer, Matthew S. and Haspelmath, Martin},
  year = {2013},
  publisher = {{Zenodo}},
  doi = {10.5281/zenodo.7385533},
  urldate = {2024-02-12}
}

@article{ngabere,
  title = {La Oraci{\'o}n Simple Ng{\"a}b{\'e}re},
  author = {Murillo Miranda, Jos{\'e} Manuel},
  year = {2010},
  journal = {Forma y funci{\'o}n},
  volume = {23},
  number = {1},
  pages = {39--69},
  publisher = {{Biblioteca Central, Universidad Nacional de Colombia.}},
  file = {C:\Users\jesus\Zotero\storage\ACBJF6GB\Murillo Miranda - 2010 - La oración simple ngäbére.pdf}
}

@article{Oluteco,
  title = {Entre Consejos, Diablos y Vendedores de Caca, Rasgos Gramaticales Del Oluteco En Tres de Sus Cuentos},
  author = {Zavala, Roberto},
  year = {2001},
  journal = {Tlalocan. Revista de Fuentes para el Conocimiento de las Culturas Ind{\'i}genas de M{\'e}xico},
  volume = {13},
  pages = {335--414},
  file = {C:\Users\jesus\Zotero\storage\F6AATXVV\Zavala - 2001 - Entre consejos, diablos y vendedores de caca, rasg.pdf}
}

@book{Otomi,
  title = {Gram{\'a}tica y Textos Del H{\~n}{\"o}{\~n}h{\"o}: Otom{\'i} de San Ildefonso Tultepec, Quer{\'e}taro},
  author = {Palancar, Enrique L},
  year = {2009},
  volume = {1},
  publisher = {{Universidad Aut{\'o}noma de Quer{\'e}taro}},
  file = {C:\Users\jesus\Zotero\storage\VFRNB2W3\Palancar - 2009 - Gramática y textos del hñöñhö otomí de san ildefo.pdf}
}

@book{palula,
  title = {A Grammar of Palula},
  author = {Liljegren, Henrik},
  year = {2016},
  publisher = {{Language Science Press}},
  file = {C:\Users\jesus\Zotero\storage\HCKE2XYE\Liljegren - 2016 - A grammar of palula.pdf}
}

@book{papuan,
  title = {A Grammar of Papuan Malay},
  author = {Kluge, Angela},
  year = {2017},
  publisher = {{Language Science Press}},
  file = {C:\Users\jesus\Zotero\storage\ZHP5ZBKW\Kluge - 2017 - A grammar of papuan malay.pdf}
}

@incollection{Payne85,
  title = {Negation},
  booktitle = {Language Typology and Syntactic Descripci{\'o}n},
  author = {Payne, John R.},
  editor = {Shopen, Timothy},
  year = {1985},
  volume = {I. Clauses structure},
  pages = {197--242},
  publisher = {{Cambridge University Press}}
}

@book{pichi,
  title = {A Grammar of Pichi},
  author = {Yakpo, Kofi},
  year = {2019},
  publisher = {{Language Science Press}},
  file = {C:\Users\jesus\Zotero\storage\IEB84WUT\Yakpo - 2019 - A grammar of pichi.pdf}
}

@book{pimbajo,
  title = {Gram{\'a}tica de Referencia de Pima Bajo},
  author = {Fernandez, Zarina Estrada},
  year = {2014},
  publisher = {{Universidad de Sonora}},
  address = {{Hermosillo, Sonora, M{\'e}xico}},
  file = {C:\Users\jesus\Zotero\storage\ETUMCXWF\Fernandez - 2014 - Gramática de referencia de pima bajo.pdf}
}

@phdthesis{Popoluca,
  title = {A Grammar of Sierra Popoluca ({{Soteapanec}}, a {{Mixe-Zoquean Language}})},
  author = {Boudreault, Lynda},
  year = {2009},
  langid = {english},
  school = {The University of Texas},
  file = {C:\Users\jesus\Zotero\storage\HVQRX55N\Boudreault - 2018 - A grammar of sierra popoluca.pdf}
}

@book{sabane,
  title = {A Grammar of Saban{\^e}: A Nambikwaran Language},
  author = {{de Antunes Araujo}, Gabriel},
  year = {2004},
  publisher = {{LOT Utrecht}},
  file = {C:\Users\jesus\Zotero\storage\Z5UFGTDN\de Antunes Araujo - 2004 - A grammar of sabanê a nambikwaran language.pdf}
}

@phdthesis{Seri,
  title = {The Structure of Seri},
  author = {Marlett, Stephen Alan},
  year = {1981},
  school = {University of California, San Diego},
  file = {C:\Users\jesus\Zotero\storage\S73WEC6R\Marlett - 1981 - The structure of seri.pdf}
}

@book{tarahumara,
  title = {A Grammar of Choguita Rar{\'a}muri: {{In}} Collaboration with Luz Elena Le{\'o}n Ram{\'i}rez, Sebasti{\'a}n Fuentes Holgu{\'i}n, Bertha Fuentes Loya and Other Choguita Rar{\'a}muri Language Experts},
  author = {Caballero, Gabriela},
  year = {2022},
  publisher = {{Language Science Press}},
  file = {C:\Users\jesus\Zotero\storage\LYZFI5U9\Caballero - 2022 - A grammar of choguita rarámuri In collaboration w.pdf}
}

@phdthesis{Tepehua,
  title = {A Descriptive Grammar of Huehuetla Tepehua},
  author = {Kung, Susan Smythe},
  year = {2007},
  langid = {english},
  school = {The University of Texas at Austin},
  file = {C:\Users\jesus\Zotero\storage\WG7P3HNY\Kung - 2007 - A descriptive grammar of huehuetla tepehua.pdf}
}

@phdthesis{Tepehuano,
  title = {Clause Linkage in Southeastern Tepehuan: {{A}} Uto-Aztecan Language of Northern Mexico},
  author = {Garc{\'i}a Salido, Gabriela},
  year = {2014},
  file = {C:\Users\jesus\Zotero\storage\L6JQXTYE\García Salido - 2014 - Clause linkage in southeastern tepehuan A uto-azt.pdf}
}

@phdthesis{Tlahuica,
  title = {Clases Verbales, Transitividad y Valencia Verbal En El Pjyekakj{\'o}, Tlahuica de {{San Juan Atzingo}}},
  author = {Ortega, Aileen Patricia Mart{\'i}nez},
  year = {2012},
  school = {El Colegio de M{\'e}xico},
  file = {C:\Users\jesus\Zotero\storage\JJDPVIVM\Ortega - 2012 - Clases verbales, transitividad y valencia verbal e.pdf}
}

@phdthesis{Tlapaneco,
  type = {Maestr{\'i}a},
  title = {La Flexi{\'o}n Verbal Del Me'phaa de Zilacayotitl{\'a}n},
  author = {Cano, Gregorio Tiburcio},
  year = {2017},
  school = {Centro de Investigaciones y Estudios Superiores en Antropolog{\'i}a Social},
  file = {C:\Users\jesus\Zotero\storage\E7NMESES\CANO - 2017 - La flexión verbal del me'phaa de zilacayotitlán.pdf}
}

@book{toqabaqita,
  title = {A Grammar of Toqabaqita},
  author = {Lichtenberk, Frantisek},
  year = {2008},
  publisher = {{De Gruyter Mouton}},
  file = {C:\Users\jesus\Zotero\storage\KAI3MFVZ\Lichtenberk - 2008 - A grammar of toqabaqita.pdf}
}

@phdthesis{Totonaco,
  title = {Los Predicados Complejos En El Totonaco de {{Tuxtla}}, {{Puebla}}},
  author = {Ju{\'a}rez Esteban, Adela},
  year = {2016},
  school = {Tesis de maestr{\'i}a en Ling{\"u}{\'i}stica Indoamericana. CIESAS, M{\'e}xico},
  file = {C:\Users\jesus\Zotero\storage\9YNABANA\Juárez Esteban - 2016 - Los predicados complejos en el totonaco de Tuxtla,.pdf}
}

@book{Triqui,
  title = {Gram{\'a}tica Popular Del Triqui de {{Copala}}},
  author = {de Hollenbach, Elena Erickson},
  year = {2005},
  publisher = {{Inst. Ling{\"u}{\'i}stico de Verano}},
  file = {C:\Users\jesus\Zotero\storage\EXCPBY5K\Hollenbach - 2005 - Gramática popular del triqui de Copala.pdf}
}

@book{Tzotzil,
  title = {Tzotzil Clause Structure},
  author = {Aissen, Judith},
  year = {1987},
  volume = {7},
  publisher = {{Springer Science \& Business Media}},
  file = {C:\Users\jesus\Zotero\storage\2VBW6LJT\Aissen - 1987 - Tzotzil clause structure.pdf}
}

@book{vaisser,
  title = {A Grammar of Kalamang},
  author = {Visser, Eline},
  year = {2022},
  publisher = {{Language Science Press}},
  file = {C:\Users\jesus\Zotero\storage\6MRTZI7A\Visser - 2022 - A grammar of kalamang.pdf}
}

@book{Valin,
  title = {Exploring the Syntax-Semantics Interface},
  author = {Van Valin Jr, Robert D},
  year = {2005},
  publisher = {{Cambridge University Press}},
  isbn = {1-139-44537-5}
}

@article{VanAlsenoy2014,
  title = {A New Typology of Indefinite Pronouns, with a Focus on Negative Indefinites},
  author = {Van Alsenoy, Lauren},
  year = {2014},
  publisher = {{University of Antwerp}}
}

@article{Vossen2016,
  title = {On the Typology of the {{Jespersen}} Cycles},
  author = {Vossen, Frens},
  year = {2016},
  publisher = {{University of Antwerp}}
}

@phdthesis{wampis,
  title = {A Grammar of Wampis},
  author = {Pe{\~n}a, Jaime Germ{\'a}n},
  year = {2015},
  school = {University of Oregon},
  file = {C:\Users\jesus\Zotero\storage\4FDHMJAF\Peña - 2015 - A grammar of wampis.pdf}
}

@book{wappo,
  title = {A Reference Grammar of {{Wappo}}},
  author = {Thompson, Sandra A and Park, Joseph Sung-Yul and Li, Charles N},
  year = {2006},
  volume = {138},
  publisher = {{Univ of California Press}},
  file = {C:\Users\jesus\Zotero\storage\5KB7GQYD\Thompson et al. - 2006 - A reference grammar of Wappo.pdf}
}

@book{wari,
  title = {Wari},
  author = {Everett, Daniel L and Kern, Barbara},
  year = {2002},
  publisher = {{Routledge}},
  file = {C:\Users\jesus\Zotero\storage\9NSBJPHG\Everett y Kern - 2002 - Wari.pdf}
}

@book{yauyos,
  title = {A Grammar of Yauyos Quechua},
  author = {Shimelman, Aviva},
  year = {2017},
  publisher = {{Language Science Press}},
  file = {C:\Users\jesus\Zotero\storage\MCAUVK4H\Shimelman - 2017 - A grammar of yauyos quechua.pdf}
}

@phdthesis{zapoteco,
  title = {Estudios de La Fonolog{\'i}a y Gram{\'a}tica Del Zapoteco de {{Zoochina}}},
  author = {Nicol{\'a}s, Oscar L},
  year = {2016},
  file = {C:\Users\jesus\Zotero\storage\VEGFDD59\Nicolás - 2016 - Estudios de la fonología y gramática del zapoteco .pdf}
}

@phdthesis{zoque,
  title = {Esbozo Gramatical y Oraciones de Relativo En El Zoque de {{San Miguel Chimalapa}}.},
  author = {Jim{\'e}nez, Silvano},
  year = {2014},
  school = {Centro de Investigaciones y Estudios Superiores en Antropolog{\'i}a Social},
  file = {C:\Users\jesus\Zotero\storage\DGMR4VJU\Jiménez - 2014 - Esbozo gramatical y oraciones de relativo en el zo.pdf}
}
